@article{yu2024evaluation,
  title={Evaluation of Retrieval-Augmented Generation: A Survey},
  author={Yu, Hao and Gan, Aoran and Zhang, Kai and Tong, Shiwei and Liu, Qi and Liu, Zhaofeng},
  journal={arXiv preprint arXiv:2405.07437},
  year={2024}
}


@inproceedings{chatzikokolakis2013broadening,
  title={Broadening the scope of differential privacy using metrics},
  author={Chatzikokolakis, Konstantinos and Andr{\'e}s, Miguel E and Bordenabe, Nicol{\'a}s Emilio and Palamidessi, Catuscia},
  booktitle={Privacy Enhancing Technologies: 13th International Symposium, PETS 2013, Bloomington, IN, USA, July 10-12, 2013. Proceedings 13},
  pages={82--102},
  year={2013},
  organization={Springer}
}

@article{yue2021differential,
  title={Differential privacy for text analytics via natural text sanitization},
  author={Yue, Xiang and Du, Minxin and Wang, Tianhao and Li, Yaliang and Sun, Huan and Chow, Sherman SM},
  booktitle = {Findings, {ACL-IJCNLP} 2021},
  year      = {2021},
  pages = {3853--3866}
}

@inproceedings{chen2023customized,
  title={A Customized Text Sanitization Mechanism with Differential Privacy},
  author={Chen, Sai and Mo, Fengran and Wang, Yanhao and Chen, Cen and Nie, Jian-Yun and Wang, Chengyu and Cui, Jamie},
  booktitle={Findings of the Association for Computational Linguistics: ACL 2023},
  pages={5747--5758},
  year={2023}
}

@article{tong2023privinfer,
  title={Privinfer: Privacy-preserving inference for black-box large language model},
  author={Tong, Meng and Chen, Kejiang and Qi, Yuang and Zhang, Jie and Zhang, Weiming and Yu, Nenghai},
  journal={arXiv preprint arXiv:2310.12214},
  year={2023}
}


@article{pilan2022text,
  title={The text anonymization benchmark (tab): A dedicated corpus and evaluation framework for text anonymization},
  author={Pil{\'a}n, Ildik{\'o} and Lison, Pierre and {\O}vrelid, Lilja and Papadopoulou, Anthi and S{\'a}nchez, David and Batet, Montserrat},
  journal={Computational Linguistics},
  volume={48},
  number={4},
  pages={1053--1101},
  year={2022},
  publisher={MIT Press One Broadway, 12th Floor, Cambridge, Massachusetts 02142, USA~â€¦}
}


@article{lewis2020retrieval,
  title={Retrieval-augmented generation for knowledge-intensive nlp tasks},
  author={Lewis, Patrick and Perez, Ethan and Piktus, Aleksandra and Petroni, Fabio and Karpukhin, Vladimir and Goyal, Naman and K{\"u}ttler, Heinrich and Lewis, Mike and Yih, Wen-tau and Rockt{\"a}schel, Tim and others},
  journal={Advances in Neural Information Processing Systems},
  volume={33},
  pages={9459--9474},
  year={2020}
}


@misc{ragas2023,
    author    = "LangChain team",
    title     = "Evaluating RAG pipelines with Ragas + LangSmith",
    year      = "2023",
    url       = "https://blog.langchain.dev/evaluating-rag-pipelines-with-ragas-langsmith",
    note      = "Accessed: October 15, 2023"
}


@misc{raglangchain2023,
    author    = "Amogh Agastya",
    title     = "Harnessing Retrieval Augmented Generation With Langchain",
    year      = "2023",
    url       = "https://betterprogramming.pub/harnessing-retrieval-augmented-generation-with-langchain-2eae65926e82",
    note      = "Accessed: October 15, 2023"
}


@inproceedings{kandpal2022deduplicating,
  title={Deduplicating training data mitigates privacy risks in language models},
  author={Kandpal, Nikhil and Wallace, Eric and Raffel, Colin},
  booktitle={International Conference on Machine Learning},
  pages={10697--10707},
  year={2022},
  organization={PMLR}
}


@misc{presidio,
    author    = "Microsoft",
    title     = "Presidio: Data Protection and De-identification SDK",
    year      = "2023",
    url       = "https://microsoft.github.io/presidio",
    note      = "Accessed: October 15, 2023"
}
@misc{TruEraWebsite,
  author = "{TruEra}",
  title = "TruEra: AI Quality Solutions for Model Intelligence",
  year = "2023",
  url = "https://truera.com/",
  note = "[Online; accessed 12-December-2023]"
}

@article{chiang2023can,
  title={Can Large Language Models Be an Alternative to Human Evaluations?},
  author={Chiang, Cheng-Han and Lee, Hung-yi},
  journal={arXiv preprint arXiv:2305.01937},
  year={2023}
}


@inproceedings{alvim2018local,
  title={Local differential privacy on metric spaces: optimizing the trade-off with utility},
  author={Alvim, M{\'a}rio and Chatzikokolakis, Konstantinos and Palamidessi, Catuscia and Pazii, Anna},
  booktitle={2018 IEEE 31st Computer Security Foundations Symposium (CSF)},
  pages={262--267},
  year={2018},
  organization={IEEE}
}


@inproceedings{mcsherry2007mechanism,
  title={Mechanism design via differential privacy},
  author={McSherry, Frank and Talwar, Kunal},
  booktitle={48th Annual IEEE Symposium on Foundations of Computer Science (FOCS'07)},
  pages={94--103},
  year={2007},
  organization={IEEE}
}

@inproceedings{duchi2013local,
  title={Local privacy and statistical minimax rates},
  author={Duchi, John C and Jordan, Michael I and Wainwright, Martin J},
  booktitle={2013 IEEE 54th Annual Symposium on Foundations of Computer Science},
  pages={429--438},
  year={2013},
  organization={IEEE}
}

@inproceedings{murakami2019utility,
  title={$\{$Utility-Optimized$\}$ local differential privacy mechanisms for distribution estimation},
  author={Murakami, Takao and Kawamoto, Yusuke},
  booktitle={28th USENIX Security Symposium (USENIX Security 19)},
  pages={1877--1894},
  year={2019}
}


@inproceedings{song2020information,
  title={Information leakage in embedding models},
  author={Song, Congzheng and Raghunathan, Ananth},
  booktitle={Proceedings of the 2020 ACM SIGSAC conference on computer and communications security},
  pages={377--390},
  year={2020}
}

@inproceedings{carlini2021extracting,
  title={Extracting training data from large language models},
  author={Carlini, Nicholas and Tramer, Florian and Wallace, Eric and Jagielski, Matthew and Herbert-Voss, Ariel and Lee, Katherine and Roberts, Adam and Brown, Tom and Song, Dawn and Erlingsson, Ulfar and others},
  booktitle={30th USENIX Security Symposium (USENIX Security 21)},
  pages={2633--2650},
  year={2021}
}

@inproceedings{dwork2006differential,
  title={Differential privacy},
  author={Dwork, Cynthia},
  booktitle={International colloquium on automata, languages, and programming},
  pages={1--12},
  year={2006},
  organization={Springer}
}
@article{wang2020medsts,
  title={MedSTS: a resource for clinical semantic textual similarity},
  author={Wang, Yanshan and Afzal, Naveed and Fu, Sunyang and Wang, Liwei and Shen, Feichen and Rastegar-Mojarad, Majid and Liu, Hongfang},
  journal={Language Resources and Evaluation},
  volume={54},
  pages={57--72},
  year={2020},
  publisher={Springer}
}

@inproceedings{cormode2018marginal,
  title={Marginal release under local differential privacy},
  author={Cormode, Graham and Kulkarni, Tejas and Srivastava, Divesh},
  booktitle={Proceedings of the 2018 International Conference on Management of Data},
  pages={131--146},
  year={2018}
}
@inproceedings{feyisetan2020privacy,
  title={Privacy-and utility-preserving textual analysis via calibrated multivariate perturbations},
  author={Feyisetan, Oluwaseyi and Balle, Borja and Drake, Thomas and Diethe, Tom},
  booktitle={Proceedings of the 13th international conference on web search and data mining},
  pages={178--186},
  year={2020}
}
@inproceedings{lyu2020towards,
  title={Towards differentially private text representations},
  author={Lyu, Lingjuan and Li, Yitong and He, Xuanli and Xiao, Tong},
  booktitle={Proceedings of the 43rd International ACM SIGIR Conference on Research and Development in Information Retrieval},
  pages={1813--1816},
  year={2020}
}
@inproceedings{weggenmann2018syntf,
  title={Syntf: Synthetic and differentially private term frequency vectors for privacy-preserving text mining},
  author={Weggenmann, Benjamin and Kerschbaum, Florian},
  booktitle={The 41st International ACM SIGIR Conference on Research \& Development in Information Retrieval},
  pages={305--314},
  year={2018}
}

@inproceedings{qu2021natural,
  title={Natural language understanding with privacy-preserving bert},
  author={Qu, Chen and Kong, Weize and Yang, Liu and Zhang, Mingyang and Bendersky, Michael and Najork, Marc},
  booktitle={Proceedings of the 30th ACM International Conference on Information \& Knowledge Management},
  pages={1488--1497},
  year={2021}
}

@article{xie2017controllable,
  title={Controllable invariance through adversarial feature learning},
  author={Xie, Qizhe and Dai, Zihang and Du, Yulun and Hovy, Eduard and Neubig, Graham},
  journal={Advances in neural information processing systems},
  volume={30},
  year={2017}
}
@article{elazar2018adversarial,
  title={Adversarial removal of demographic attributes from text data},
  author={Elazar, Yanai and Goldberg, Yoav},
  journal={arXiv preprint arXiv:1808.06640},
  year={2018}
}
@article{coavoux2018privacy,
  title={Privacy-preserving neural representations of text},
  author={Coavoux, Maximin and Narayan, Shashi and Cohen, Shay B},
  journal={arXiv preprint arXiv:1808.09408},
  year={2018}
}

@article{li2018towards,
  title={Towards robust and privacy-preserving text representations},
  author={Li, Yitong and Baldwin, Timothy and Cohn, Trevor},
  journal={arXiv preprint arXiv:1805.06093},
  year={2018}
}

@article{jegorova2022survey,
  title={Survey: Leakage and privacy at inference time},
  author={Jegorova, Marija and Kaul, Chaitanya and Mayor, Charlie and O'Neil, Alison Q and Weir, Alexander and Murray-Smith, Roderick and Tsaftaris, Sotirios A},
  journal={IEEE Transactions on Pattern Analysis and Machine Intelligence},
  year={2022},
  publisher={IEEE}
}

@article{anil2021large,
  title={Large-scale differentially private BERT},
  author={Anil, Rohan and Ghazi, Badih and Gupta, Vineet and Kumar, Ravi and Manurangsi, Pasin},
  journal={arXiv preprint arXiv:2108.01624},
  year={2021}
}

@inproceedings{dupuy2022efficient,
  title={An efficient dp-sgd mechanism for large scale nlu models},
  author={Dupuy, Christophe and Arava, Radhika and Gupta, Rahul and Rumshisky, Anna},
  booktitle={ICASSP 2022-2022 IEEE International Conference on Acoustics, Speech and Signal Processing (ICASSP)},
  pages={4118--4122},
  year={2022},
  organization={IEEE}
}
@article{mireshghallah2021privacy,
  title={Privacy regularization: Joint privacy-utility optimization in language models},
  author={Mireshghallah, Fatemehsadat and Inan, Huseyin A and Hasegawa, Marcello and R{\"u}hle, Victor and Berg-Kirkpatrick, Taylor and Sim, Robert},
  journal={arXiv preprint arXiv:2103.07567},
  year={2021}
}


@article{radford2019language,
  title={Language models are unsupervised multitask learners},
  author={Radford, Alec and Wu, Jeffrey and Child, Rewon and Luan, David and Amodei, Dario and Sutskever, Ilya and others},
  journal={OpenAI blog},
  volume={1},
  number={8},
  pages={9},
  year={2019}
}


@misc{huggingface2024textembeddings,
  title        = {Hugging Face Models: Text Embedding},
  author       = {Hugging Face},
  year         = 2024,
  url          = {https://huggingface.co/models?other=text-embedding}
}

@inproceedings{pennington2014glove,
  title={Glove: Global vectors for word representation},
  author={Pennington, Jeffrey and Socher, Richard and Manning, Christopher D},
  booktitle={Proceedings of the 2014 conference on empirical methods in natural language processing (EMNLP)},
  pages={1532--1543},
  year={2014}
}



@inproceedings{feyisetan2019leveraging,
  title={Leveraging hierarchical representations for preserving privacy and utility in text},
  author={Feyisetan, Oluwaseyi and Diethe, Tom and Drake, Thomas},
  booktitle={2019 IEEE International Conference on Data Mining (ICDM)},
  pages={210--219},
  year={2019},
  organization={IEEE}
}

@article{lyu2020differentially,
  title={Differentially private representation for nlp: Formal guarantee and an empirical study on privacy and fairness},
  author={Lyu, Lingjuan and He, Xuanli and Li, Yitong},
  journal={arXiv preprint arXiv:2010.01285},
  year={2020}
}
